<record><leader>00000cas a22000007a 4500</leader><controlfield tag="001">29043758</controlfield><controlfield tag="008">931018d19371940ohuwr ne      0    0eng d</controlfield><controlfield tag="009">8043</controlfield><datafield ind1=" " ind2=" " tag="010"><subfield code="a">sn 93065815 </subfield></datafield><datafield ind1=" " ind2=" " tag="040"><subfield code="a">ONP</subfield><subfield code="b">eng</subfield><subfield code="c">ONP</subfield><subfield code="d">OCLCQ</subfield></datafield><datafield ind1="1" ind2=" " tag="029"><subfield code="a">AU@</subfield><subfield code="b">000025883064</subfield></datafield><datafield ind1=" " ind2=" " tag="042"><subfield code="a">msc</subfield></datafield><datafield ind1="0" ind2=" " tag="130"><subfield code="a">Lorain news (Lorain, Ohio : 1937)</subfield></datafield><datafield ind1="0" ind2="4" tag="245"><subfield code="a">The Lorain news.</subfield></datafield><datafield ind1=" " ind2=" " tag="260"><subfield code="a">Lorain, Ohio :</subfield><subfield code="b">The Lorain News Co.,</subfield><subfield code="c">1937-1940.</subfield></datafield><datafield ind1=" " ind2=" " tag="300"><subfield code="a">v.</subfield></datafield><datafield ind1=" " ind2=" " tag="310"><subfield code="a">Weekly</subfield></datafield><datafield ind1="0" ind2=" " tag="362"><subfield code="a">Vol. 1, no. 1 (Sept. 16, 1937)-v. 3, no. 51 (Sept. 25, 1940).</subfield></datafield><datafield ind1=" " ind2="4" tag="651"><subfield code="a">Lorain (Ohio)</subfield><subfield code="v">Newspapers.</subfield></datafield><datafield ind1=" " ind2="4" tag="651"><subfield code="a">Lorain County (Ohio)</subfield><subfield code="v">Newspapers.</subfield></datafield><datafield ind1=" " ind2=" " tag="752"><subfield code="a">United States</subfield><subfield code="b">Ohio</subfield><subfield code="c">Lorain</subfield><subfield code="d">Lorain.</subfield></datafield><datafield ind1="0" ind2="0" tag="780"><subfield code="t">Lorain shoppers news (Lorain, Ohio 1932)</subfield></datafield><datafield ind1="0" ind2="0" tag="785"><subfield code="t">Lorain Sunday news</subfield><subfield code="w">(DLC)sn 93065820</subfield></datafield></record>